@article{scikit-learn,
 title={Scikit-learn: Machine Learning in {P}ython},
 author={Pedregosa, F. and Varoquaux, G. and Gramfort, A. and Michel, V.
         and Thirion, B. and Grisel, O. and Blondel, M. and Prettenhofer, P.
         and Weiss, R. and Dubourg, V. and Vanderplas, J. and Passos, A. and
         Cournapeau, D. and Brucher, M. and Perrot, M. and Duchesnay, E.},
 journal={Journal of Machine Learning Research},
 volume={12},
 pages={2825--2830},
 year={2011}
}

@article{libsvm,
  added-at = {2011-12-06T10:58:14.000+0100},
  author = {Chang, Chih-Chung and Lin, Chih-Jen},
  biburl = {https://www.bibsonomy.org/bibtex/22442e014045d31ddd9e9000d5b214b67/utahell},
  description = {LIBSVM FAQ},
  interhash = {b6d3cf7743c5d218d5bc5f789e3a9984},
  intrahash = {2442e014045d31ddd9e9000d5b214b67},
  issue = {3},
  journal = {ACM Transactions on Intelligent Systems and Technology},
  keywords = {libsvm svm},
  note = {Software available at \url{http://www.csie.ntu.edu.tw/~cjlin/libsvm}},
  pages = {27:1--27:27},
  timestamp = {2011-12-16T16:26:02.000+0100},
  title = {{LIBSVM}: A Library for Support Vector Machines},
  volume = 2,
  year = 2011
}
