@misc{ncat,
	title={Knot Group},
	url = {https://ncatlab.org/nlab/show/knot+group},
	note = {nCat}
}

@misc{linov,
	author = {Larsen Linov},
	title = {An Introduction to Knot Theory and the Knot Group},
	url = {http://math.uchicago.edu/~may/REU2014/REUPapers/Linov.pdf}
}

@book{hatcher,
      author        = "Hatcher, Allen",
      title         = "{Algebraic topology}",
      publisher     = "Cambridge Univ. Press",
      address       = "Cambridge",
      year          = "2000",
      url           = "https://cds.cern.ch/record/478079",
}

@book{hur,
author = {Witold Hurewicz and Henry Wallman},
doi = {doi:10.1515/9781400875665},
url = {https://doi.org/10.1515/9781400875665},
title = {Dimension Theory (PMS-4)},
year = {2015},
publisher = {Princeton University Press},
ISBN = {9781400875665}
}

