@book{ambrose,
        author={Ambrose},
        title={Theological and Dogmatic Works},
        year=1963,
        publisher={The Catholic University of America},
	address={Washington, D.C.}
}

@book{boersma,
	author={Hans Boersma},
	title={Scripture as Real Presence: Sacramental Exegesis in the Early Church},
	address={Grand Rapids},
	publisher={Baker Academic},
	year=2017
}

@article{camisasca,
	author={Massimo Camisasca},
	title={Called to Be Fathers in the Church},
	journal={Communio},
	volume=31.3,
	issue={Fall},
	year=2004
}

@book{lubac,
	author={Henri {De Lubac}},
	title={Corpus Mysticum: The Eucharist and the Church in the Middle Ages},
	address={Notre Dame},
	publisher={University of Notre Dame Press},
	year=1990
}

@article{granados,
	author={Jos\'e Granados},
	title={Priesthood: A Sacrament of the Father},
	journal={Communio},
	volume=36.2,
	issue={Summer},
	year=2009
}

@book{irenaeus,
	author={Irenaeus},
	title={Against Heresies},
	url={https://www.newadvent.org/fathers/0103.htm}
}

@book{chrysostom,
	author={John Chrysostom},
	title={Instructions to Catechumens},
	address={New York},
	publisher={Newman Press},
	year=1962,
	note={Translated by Paul W. Harkins}
}

@book{jp2,
	author={{John Paul II}},
	title={Pastores Dabo Vobis},
	address={Vatican},
	publisher={Libreria Editrice Vaticana},
	year=1992,
	url={http://www.vatican.va/content/john-paul-ii/en/apost_exhortations/documents/hf_jp-ii_exh_25031992_pastores-dabo-vobis.html}
}

@article{lopez,
	author={Fr. Antonio L\'opez},
	title={Friends of the Bridegroom: Reflections on Priestly Fatherhood in Light of Contemporary Challenges},
	journal={Communio},
	volume=45.2,
	issue=Summer,
	year=2018
}

@book{origen,
	author={Origen},
	title={The Song of Songs: Commentary and Homilies},
	address={Westminster},
	publisher={The Newman Press},
	year=1957,
	note={Translated by R.P. Lawson}
}

@article{ouellet,
	author={Marc Ouellet},
	title={Priestly Ministry at the Service of Ecclesial Communion},
	journal={Communio},
	volume=23.4,
	issue=Winter,
	year=1996
}

@book{peguy,
	author={Charles P\'eguy},
	title={The Portal of the Mystery of Hope},
	address={Grand Rapids},
	publisher={William B. Eerdmans Publishing Company},
	year=1996,
	note={Translated by David L. Schindler}
}

@article{rat1,
	author={Joseph Ratzinger},
	title={Biblical Foundations of Priesthood},
	journal={Communio},
	volume=17.4,
	issue=Winter,
	year=1990
}

@book{rat2,
	author={Joseph Ratzinger},
	title={Collected Works, Volume XI: Theology of the Liturgy},
	address={San Francisco},
	publisher={Ignatius Press},
	year=2014
}

@book{rat3,
	author={Joseph Ratzinger},
	title={Life and Ministry of Priests},
	address={Vatican},
	publisher={Congregation for the Clergy},
	year=1995,
	url={http://www.vatican.va/roman_curia/congregations/cclergy/documents/rc_con_cclergy_doc_24101995_prh_en.html}
}

@book{rat4,
	author={Joseph Ratzinger},
	title={The Spirit of the Liturgy},
	address={San Francisco},
	publisher={Ignatius Press},
	year=2000
}
