@article{ER,
	author={Paul Erd{\H{o}}s and Alfr\'ed R\'enyi},
	title={On Random Graphs. I},
	journaltitle={Publicationes Mathematicae},
	year=1959,
	volume=6
}

@article{coal,
	author = {Bhamidi, Shankar and Budhiraja, Amarjit and Wang, Xuan},
	year = {2013},
	month = {12},
	pages = {733-796},
	title = {The augmented multiplicative coalescent, bounded size rules and critical dynamics of random graphs},
	volume = {160},
	journal = {Probability Theory and Related Fields},
}

@article{daCosta,
  title = {Solution of the explosive percolation quest: Scaling functions and critical exponents},
  author = {da Costa, R. A. and Dorogovtsev, S. N. and Goltsev, A. V. and Mendes, J. F. F.},
  journal = {Phys. Rev. E},
  volume = {90},
  issue = {2},
  pages = {022145},
  numpages = {13},
  year = {2014},
  month = {Aug},
  publisher = {American Physical Society},
}

@article{RW-cont,
   title={Achlioptas process phase transitions are continuous},
   volume={22},
   ISSN={1050-5164},
   number={4},
   journal={The Annals of Applied Probability},
   publisher={Institute of Mathematical Statistics},
   author={Riordan, Oliver and Warnke, Lutz},
   year={2012},
   month={Aug}
}

@misc{RW-bounded,
      title={The phase transition in bounded-size Achlioptas processes}, 
      author={Oliver Riordan and Lutz Warnke},
      year={2017},
}

@article{BF,
author = {Bohman, Tom and Frieze, Alan},
year = {2001},
month = {08},
pages = {75 - 85},
title = {Avoiding a giant component},
volume = {19},
journal = {Random Structures \& Algorithms},
}

@article{Aldous,
author = {David Aldous},
title = {{Brownian excursions, critical random graphs and the multiplicative coalescent}},
volume = {25},
journal = {The Annals of Probability},
number = {2},
publisher = {Institute of Mathematical Statistics},
pages = {812 -- 854},
keywords = {Brownian excursion, Brownian motion, critical point, Markov process, random graph, stochastic coagulation, stochastic coalescent, weak convergence},
year = {1997},
}

@article{princeton,
	author = {Gordon Slade},
	title = {Probabilistic Models of Critical Phenomena},
	journal = {The Princeton Companion to Mathematics},
	publisher = {Princeton University Press},
	pages = {657 -- 670}
}

@article{discontinuous,
author = {Dimitris Achlioptas  and Raissa M. D'Souza  and Joel Spencer },
title = {Explosive Percolation in Random Networks},
journal = {Science},
volume = {323},
number = {5920},
pages = {1453-1455},
year = {2009},
}

@article{dacosta2010,
  title = {Explosive Percolation Transition is Actually Continuous},
  author = {da Costa, R. A. and Dorogovtsev, S. N. and Goltsev, A. V. and Mendes, J. F. F.},
  journal = {Phys. Rev. Lett.},
  volume = {105},
  issue = {25},
  pages = {255701},
  numpages = {4},
  year = {2010},
  month = {Dec},
  publisher = {American Physical Society},
}

