@misc{tutorial,
	title={A Tutorial on the Proof of the Existence of Nash Equilibria},
        author={Albert Xin Jiang and Kevin Leyton-Brown},
	url={https://www.cs.ubc.ca/~jiang/papers/NashReport.pdf}
}

@misc{kakutani,
	title={From Imitation Games to Kakutani},
	author={Andrew McLennan and Rabee Tourky},
	month=10,
	year=2005,
	url={https://economics.sas.upenn.edu/sites/default/files/filevault/event_papers/Theory110420050.pdf}
}

@misc{algo,
	title={The Lemke-Howson Algorithm},
	author={David Pritchard},
	year=2007,
	url={https://citeseerx.ist.psu.edu/viewdoc/download;jsessionid=AE0EBA82161430FD61B8915771E19649?doi=10.1.1.110.770&rep=rep1&type=pdf}
}

@misc{reu,
	title={Brouwer's Fixed Point Theorem and the Nash Theorem},
	author={Eric Karsten},
	year=2017,
	url={https://math.uchicago.edu/~may/REU2017/REUPapers/Karsten.pdf}
}

@misc{chicago,
	title={Existence of Nash Equilibrium},
	author={Shmuel Weinberger},
	url={https://math.uchicago.edu/~shmuel/AAT-readings/Econ%20segment/nash.pdf}
}
