@misc{construction,
	author = {R.D. Arthan},
	title = {A Minimalist Construction of the Geometric Algebra},
	url = {http://arxiv.org/abs/math/0607190}
}

@misc{chisolm,
      title={Geometric Algebra}, 
      author={Eric Chisolm},
      year={2012},
      eprint={1205.5935},
      archivePrefix={arXiv},
      primaryClass={math-ph}
}

@article{survey,
	title={A Survey of Geometric Algebra and Geometric Calculus},
	author={Alan Macdonald},
	journal={Advances in Applied Clifford Algebras},
	year={2017},
	url={http://www.faculty.luther.edu/~macdonal/GA&GC.pdf}
}

@article{hestenes,
	title={The Genesis of Geometric Algebra: A Personal Retrospective},
	author={David Hestenes},
	journal={Advances in Applied Clifford Algebras},
	year={2016},
	url={https://d-nb.info/1096286491/34}
}

@mastersthesis{geo,
	title={Geometric Algebra: An Introduction with Applications in Euclidean and Conformal Geometry},
	author={Richard Alan Miller},
	school={San Jose State University},
	year={2013},
	url={https://scholarworks.sjsu.edu/etd_theses/4396}
}
