@misc{weller,
	title={Generalized Stokes’ Theorem},
	author={Colin M. Weller},
	month={6},
	year={2020},
	url={https://sites.math.washington.edu/~morrow/336_20/papers20/collin.pdf}
}

@misc{lecture,
	title={Differential Forms},
	author={Ben Andrews},
	url={https://maths-people.anu.edu.au/andrews/DG/DG_chap13.pdf}
}

@misc{presman,
	title={The Generalized Stokes’ Theorem},
	author={Rick Presman},
	year={2012},
	url={https://math.uchicago.edu/~may/REU2012/REUPapers/Presman.pdf}
}

@misc{unity,
	title={Partitions of Unity},
	author={Joel W. Robbin},
	month={9},
	year={2013},
	url={https://people.math.wisc.edu/~robbin/partitions_of_unity.pdf}
}

@misc{tao,
	title={Differential Forms and Integration},
	author={Terence Tao},
	month={12},
	year={2020},
	url={https://www.math.ucla.edu/~tao/preprints/forms.pdf}
}
