@book{mccleary,
	author={John McCleary},
	title={A User's Guide to Spectral Sequences},
	year=2001,
	edition=2,
	publisher={Cambridge University Press}
}

@article{chow,
	author={Timothy Y. Chow},
	title={You Could Have Invented Spectral Sequences},
	journaltitle={Notices of the AMS},
	year=2006,
	month=February
}

@book{df,
	author={David S. Dummit \& Richard M. Foote},
	title={Abstract Algebra},
	edition=3,
	publisher={John Wiley and Sons, Inc.},
	year=2004
}

@book{weibel,
	author={Charles A. Weibel},
	title={An Introduction to Homological Algebra},
	publisher={Cambridge University Press},
	year=1994
}

@book{rotman,
	author={Joseph J. Rotman},
	title={An Introduction to Homological Algebra},
	publisher={Academic Press, Inc.},
	year=1979
}
